@article{LUCCHINI2020162090,
title = {Development of the CMS MIP timing detector},
journal = {Nuclear Instruments and Methods in Physics Research Section A: Accelerators, Spectrometers, Detectors and Associated Equipment},
volume = {958},
pages = {162090},
year = {2020},
note = {Proceedings of the Vienna Conference on Instrumentation 2019},
issn = {0168-9002},
doi = {https://doi.org/10.1016/j.nima.2019.04.044},
url = {https://www.sciencedirect.com/science/article/pii/S0168900219305017},
author = {Marco Lucchini},
keywords = {Precision timing, HL-LHC detectors, Technology R&D, Crystals, SiPMs, Low gain avalanche detectors},
abstract = {The CMS detector at the CERN Large Hadron Collider is undergoing an extensive Phase II upgrade programme to prepare for the challenging conditions of the High-Luminosity LHC. In particular, a new timing detector, the MTD, will measure minimum ionizing particles with a time resolution of 30–50 ps and hermetic coverage up to a pseudo-rapidity of |η|=3. The MTD will consist of a central barrel region based on L(Y)SO:Ce crystals read out with SiPMs and two end-caps instrumented with radiation-tolerant low gain avalanche detectors. The precision time information from the MTD will reduce the effects of the high levels of pile-up expected at the High-Luminosity LHC and will bring new and unique capabilities to the CMS detector. The time information assigned to each track will enable the use of 4D reconstruction algorithms and will further discriminate interaction vertices within the same bunch crossing to recover the track purity of vertices in current LHC conditions. We present the motivations for precision timing at the High-Luminosity LHC, the overall detector design and technological choices including ongoing R&D studies targeting enhanced timing performance and radiation tolerance.}
}
@article{Tulin_2018,
   title={Dark matter self-interactions and small scale structure},
   volume={730},
   ISSN={0370-1573},
   url={http://dx.doi.org/10.1016/j.physrep.2017.11.004},
   DOI={10.1016/j.physrep.2017.11.004},
   journal={Physics Reports},
   publisher={Elsevier BV},
   author={Tulin, Sean and Yu, Hai-Bo},
   year={2018},
   month=feb, pages={1–57} }
@misc{adhikari2022astrophysical,
      title={Astrophysical Tests of Dark Matter Self-Interactions}, 
      author={Susmita Adhikari and Arka Banerjee and Kimberly K. Boddy and Francis-Yan Cyr-Racine and Harry Desmond and Cora Dvorkin and Bhuvnesh Jain and Felix Kahlhoefer and Manoj Kaplinghat and Anna Nierenberg and Annika H. G. Peter and Andrew Robertson and Jeremy Sakstein and Jesús Zavala},
      year={2022},
      eprint={2207.10638},
      archivePrefix={arXiv},
      primaryClass={astro-ph.CO}
}
@article{sidm_,
author = {Tsai, Yuhsin and Xu, Tao and Yu, Hai-Bo},
year = {2019},
month = {08},
pages = {},
title = {Displaced lepton jet signatures from self-interacting dark matter bound states},
volume = {2019},
journal = {Journal of High Energy Physics},
doi = {10.1007/JHEP08(2019)131}
}
@article{Sirunyan_2017,
   title={Particle-flow reconstruction and global event description with the CMS detector},
   volume={12},
   ISSN={1748-0221},
   url={http://dx.doi.org/10.1088/1748-0221/12/10/P10003},
   DOI={10.1088/1748-0221/12/10/p10003},
   number={10},
   journal={Journal of Instrumentation},
   publisher={IOP Publishing},
   author={Sirunyan, A.M. and Tumasyan, A. and Adam, W. and Asilar, E. and Bergauer, T. and Brandstetter, J. and Brondolin, E. and Dragicevic, M. and Erö, J. and Flechl, M. and Friedl, M. and Frühwirth, R. and Ghete, V.M. and Hartl, C. and Hörmann, N. and Hrubec, J. and Jeitler, M. and König, A. and Krätschmer, I. and Liko, D. and Matsushita, T. and Mikulec, I. and Rabady, D. and Rad, N. and Rahbaran, B. and Rohringer, H. and Schieck, J. and Strauss, J. and Waltenberger, W. and Wulz, C.-E. and Dvornikov, O. and Makarenko, V. and Mossolov, V. and Gonzalez, J. Suarez and Zykunov, V. and Shumeiko, N. and Alderweireldt, S. and Wolf, E.A. De and Janssen, X. and Lauwers, J. and Klundert, M. Van De and Haevermaet, H. Van and Mechelen, P. Van and Remortel, N. Van and Spilbeeck, A. Van and Zeid, S. Abu and Blekman, F. and D’Hondt, J. and Daci, N. and Bruyn, I. De and Deroover, K. and Lowette, S. and Moortgat, S. and Moreels, L. and Olbrechts, A. and Python, Q. and Skovpen, K. and Tavernier, S. and Doninck, W. Van and Mulders, P. Van and Parijs, I. Van and Brun, H. and Clerbaux, B. and Lentdecker, G. De and Delannoy, H. and Fasanella, G. and Favart, L. and Goldouzian, R. and Grebenyuk, A. and Karapostoli, G. and Lenzi, T. and Léonard, A. and Luetic, J. and Maerschalk, T. and Marinov, A. and Randle-conde, A. and Seva, T. and Velde, C. Vander and Vanlaer, P. and Vannerom, D. and Yonamine, R. and Zenoni, F. and Zhang, F. and Cornelis, T. and Dobur, D. and Fagot, A. and Gul, M. and Khvastunov, I. and Poyraz, D. and Salva, S. and Schöfbeck, R. and Tytgat, M. and Driessche, W. Van and Yazgan, E. and Zaganidis, N. and Bakhshiansohi, H. and Bondu, O. and Brochet, S. and Bruno, G. and Caudron, A. and Visscher, S. De and Delaere, C. and Delcourt, M. and Francois, B. and Giammanco, A. and Jafari, A. and Komm, M. and Krintiras, G. and Lemaitre, V. and Magitteri, A. and Mertens, A. and Musich, M. and Piotrzkowski, K. and Quertenmont, L. and Selvaggi, M. and Marono, M. Vidal and Wertz, S. and Beliy, N. and Júnior, W.L. Aldá and Alves, F.L. and Alves, G.A. and Brito, L. and Hensel, C. and Moraes, A. and Pol, M.E. and Teles, P. Rebello and Chagas, E. Belchior Batista Das and Carvalho, W. and Chinellato, J. and Custódio, A. and Costa, E.M. Da and Silveira, G.G. Da and Damiao, D. De Jesus and Martins, C. De Oliveira and Souza, S. Fonseca De and Guativa, L.M. Huertas and Malbouisson, H. and Figueiredo, D. Matos and Herrera, C. Mora and Mundim, L. and Nogima, H. and Silva, W.L. Prado Da and Santoro, A. and Sznajder, A. and Manganote, E.J. Tonelli and Araujo, F. Torres Da Silva De and Pereira, A. Vilela and Ahuja, S. and Bernardes, C.A. and Dogra, S. and Tomei, T.R. Fernandez Perez and Gregores, E.M. and Mercadante, P.G. and Moon, C.S. and Novaes, S.F. and Padula, Sandra S. and Abad, D. Romero and Vargas, J.C. Ruiz and Aleksandrov, A. and Hadjiiska, R. and Iaydjiev, P. and Rodozov, M. and Stoykova, S. and Sultanov, G. and Vutova, M. and Dimitrov, A. and Glushkov, I. and Litov, L. and Pavlov, B. and Petkov, P. and Fang, W. and Ahmad, M. and Bian, J.G. and Chen, G.M. and Chen, H.S. and Chen, M. and Chen, Y. and Cheng, T. and Jiang, C.H. and Leggat, D. and Liu, Z. and Romeo, F. and Ruan, M. and Shaheen, S.M. and Spiezia, A. and Tao, J. and Wang, C. and Wang, Z. and Zhang, H. and Zhao, J. and Ban, Y. and Chen, G. and Li, Q. and Liu, S. and Mao, Y. and Qian, S.J. and Wang, D. and Xu, Z. and Avila, C. and Cabrera, A. and Sierra, L.F. Chaparro and Florez, C. and Gomez, J.P. and Hernández, C.F. González and Alvarez, J.D. Ruiz and Sanabria, J.C. and Godinovic, N. and Lelas, D. and Puljak, I. and Cipriano, P.M. Ribeiro and Sculac, T. and Antunovic, Z. and Kovac, M. and Brigljevic, V. and Ferencek, D. and Kadija, K. and Mesic, B. and Susa, T. and Ather, M.W. and Attikis, A. and Mavromanolakis, G. and Mousa, J. and Nicolaou, C. and Ptochos, F. and Razis, P.A. and Rykaczewski, H. and Finger, M. and Jr., M. Finger and Jarrin, E. Carrera and El-khateeb, E. and Elgammal, S. and Mohamed, A. and Kadastik, M. and Perrini, L. and Raidal, M. and Tiko, A. and Veelken, C. and Eerola, P. and Pekkanen, J. and Voutilainen, M. and Härkönen, J. and Järvinen, T. and Karimäki, V. and Kinnunen, R. and Lampén, T. and Lassila-Perini, K. and Lehti, S. and Lindén, T. and Luukka, P. and Tuominiemi, J. and Tuovinen, E. and Wendland, L. and Talvitie, J. and Tuuva, T. and Besancon, M. and Couderc, F. and Dejardin, M. and Denegri, D. and Fabbro, B. and Faure, J.L. and Favaro, C. and Ferri, F. and Ganjour, S. and Ghosh, S. and Givernaud, A. and Gras, P. and de Monchenault, G. Hamel and Jarry, P. and Kucher, I. and Locci, E. and Machet, M. and Malcles, J. and Rander, J. and Rosowsky, A. and Titov, M. and Abdulsalam, A. and Antropov, I. and Baffioni, S. and Beaudette, F. and Busson, P. and Cadamuro, L. and Chapon, E. and Charlot, C. and Davignon, O. and de Cassagnac, R. Granier and Jo, M. and Lisniak, S. and Miné, P. and Nguyen, M. and Ochando, C. and Ortona, G. and Paganini, P. and Pigard, P. and Regnard, S. and Salerno, R. and Sirois, Y. and Leiton, A.G. Stahl and Strebler, T. and Yilmaz, Y. and Zabi, A. and Zghiche, A. and Agram, J.-L. and Andrea, J. and Bloch, D. and Brom, J.-M. and Buttignol, M. and Chabert, E.C. and Chanon, N. and Collard, C. and Conte, E. and Coubez, X. and Fontaine, J.-C. and Gelé, D. and Goerlach, U. and Bihan, A.-C. Le and Hove, P. Van and Gadrat, S. and Beauceron, S. and Bernet, C. and Boudoul, G. and Montoya, C.A. Carrillo and Chierici, R. and Contardo, D. and Courbon, B. and Depasse, P. and Mamouni, H. El and Fay, J. and Gascon, S. and Gouzevitch, M. and Grenier, G. and Ille, B. and Lagarde, F. and Laktineh, I.B. and Lethuillier, M. and Mirabito, L. and Pequegnot, A.L. and Perries, S. and Popov, A. and Sordini, V. and Donckt, M. Vander and Verdier, P. and Viret, S. and Toriashvili, T. and Tsamalaidze, Z. and Autermann, C. and Beranek, S. and Feld, L. and Kiesel, M.K. and Klein, K. and Lipinski, M. and Preuten, M. and Schomakers, C. and Schulz, J. and Verlage, T. and Albert, A. and Brodski, M. and Dietz-Laursonn, E. and Duchardt, D. and Endres, M. and Erdmann, M. and Erdweg, S. and Esch, T. and Fischer, R. and Güth, A. and Hamer, M. and Hebbeker, T. and Heidemann, C. and Hoepfner, K. and Knutzen, S. and Merschmeyer, M. and Meyer, A. and Millet, P. and Mukherjee, S. and Olschewski, M. and Padeken, K. and Pook, T. and Radziej, M. and Reithler, H. and Rieger, M. and Scheuch, F. and Sonnenschein, L. and Teyssier, D. and Thüer, S. and Cherepanov, V. and Flügge, G. and Kargoll, B. and Kress, T. and Künsken, A. and Lingemann, J. and Müller, T. and Nehrkorn, A. and Nowack, A. and Pistone, C. and Pooth, O. and Stahl, A. and Martin, M. Aldaya and Arndt, T. and Asawatangtrakuldee, C. and Beernaert, K. and Behnke, O. and Behrens, U. and Anuar, A.A. Bin and Borras, K. and Campbell, A. and Connor, P. and Contreras-Campana, C. and Costanza, F. and Pardos, C. Diez and Dolinska, G. and Eckerlin, G. and Eckstein, D. and Eichhorn, T. and Eren, E. and Gallo, E. and Garcia, J. Garay and Geiser, A. and Gizhko, A. and Luyando, J.M. Grados and Grohsjean, A. and Gunnellini, P. and Harb, A. and Hauk, J. and Hempel, M. and Jung, H. and Kalogeropoulos, A. and Karacheban, O. and Kasemann, M. and Keaveney, J. and Kleinwort, C. and Korol, I. and Krücker, D. and Lange, W. and Lelek, A. and Lenz, T. and Leonard, J. and Lipka, K. and Lobanov, A. and Lohmann, W. and Mankel, R. and Melzer-Pellmann, I.-A. and Meyer, A.B. and Mittag, G. and Mnich, J. and Mussgiller, A. and Pitzl, D. and Placakyte, R. and Raspereza, A. and Roland, B. and Sahin, M.Ö. and Saxena, P. and Schoerner-Sadenius, T. and Spannagel, S. and Stefaniuk, N. and Onsem, G.P. Van and Walsh, R. and Wissing, C. and Blobel, V. and Vignali, M. Centis and Draeger, A.R. and Dreyer, T. and Garutti, E. and Gonzalez, D. and Haller, J. and Hoffmann, M. and Junkes, A. and Klanner, R. and Kogler, R. and Kovalchuk, N. and Kurz, S. and Lapsien, T. and Marchesini, I. and Marconi, D. and Meyer, M. and Niedziela, M. and Nowatschin, D. and Pantaleo, F. and Peiffer, T. and Perieanu, A. and Scharf, C. and Schleper, P. and Schmidt, A. and Schumann, S. and Schwandt, J. and Sonneveld, J. and Stadie, H. and Steinbrück, G. and Stober, F.M. and Stöver, M. and Tholen, H. and Troendle, D. and Usai, E. and Vanelderen, L. and Vanhoefer, A. and Vormwald, B. and Akbiyik, M. and Barth, C. and Baur, S. and Baus, C. and Berger, J. and Butz, E. and Caspart, R. and Chwalek, T. and Colombo, F. and Boer, W. De and Dierlamm, A. and Fink, S. and Freund, B. and Friese, R. and Giffels, M. and Gilbert, A. and Goldenzweig, P. and Haitz, D. and Hartmann, F. and Heindl, S.M. and Husemann, U. and Kassel, F. and Katkov, I. and Kudella, S. and Mildner, H. and Mozer, M.U. and Müller, Th. and Plagge, M. and Quast, G. and Rabbertz, K. and Röcker, S. and Roscher, F. and Schröder, M. and Shvetsov, I. and Sieber, G. and Simonis, H.J. and Ulrich, R. and Wayand, S. and Weber, M. and Weiler, T. and Williamson, S. and Wöhrmann, C. and Wolf, R. and Anagnostou, G. and Daskalakis, G. and Geralis, T. and Giakoumopoulou, V.A. and Kyriakis, A. and Loukas, D. and Topsis-Giotis, I. and Kesisoglou, S. and Panagiotou, A. and Saoulidou, N. and Tziaferi, E. and Evangelou, I. and Flouris, G. and Foudas, C. and Kokkas, P. and Loukas, N. and Manthos, N. and Papadopoulos, I. and Paradas, E. and Filipovic, N. and Pasztor, G. and Bencze, G. and Hajdu, C. and Horvath, D. and Sikler, F. and Veszpremi, V. and Vesztergombi, G. and Zsigmond, A.J. and Beni, N. and Czellar, S. and Karancsi, J. and Makovec, A. and Molnar, J. and Szillasi, Z. and Bartók, M. and Raics, P. and Trocsanyi, Z.L. and Ujvari, B. and Choudhury, S. and Komaragiri, J.R. and Bahinipati, S. and Bhowmik, S. and Mal, P. and Mandal, K. and Nayak, A. and Sahoo, D.K. and Sahoo, N. and Swain, S.K. and Bansal, S. and Beri, S.B. and Bhatnagar, V. and Bhawandeep, U. and Chawla, R. and Kalsi, A.K. and Kaur, A. and Kaur, M. and Kumar, R. and Kumari, P. and Mehta, A. and Mittal, M. and Singh, J.B. and Walia, G. and Kumar, Ashok and Bhardwaj, A. and Choudhary, B.C. and Garg, R.B. and Keshri, S. and Kumar, A. and Malhotra, S. and Naimuddin, M. and Ranjan, K. and Sharma, R. and Sharma, V. and Bhattacharya, R. and Bhattacharya, S. and Chatterjee, K. and Dey, S. and Dutt, S. and Dutta, S. and Ghosh, S. and Majumdar, N. and Modak, A. and Mondal, K. and Mukhopadhyay, S. and Nandan, S. and Purohit, A. and Roy, A. and Roy, D. and Chowdhury, S. Roy and Sarkar, S. and Sharan, M. and Thakur, S. and Behera, P.K. and Chudasama, R. and Dutta, D. and Jha, V. and Kumar, V. and Mohanty, A.K. and Netrakanti, P.K. and Pant, L.M. and Shukla, P. and Topkar, A. and Aziz, T. and Dugad, S. and Kole, G. and Mahakud, B. and Mitra, S. and Mohanty, G.B. and Parida, B. and Sur, N. and Sutar, B. and Banerjee, S. and Dewanjee, R.K. and Ganguly, S. and Guchait, M. and Jain, Sa. and Kumar, S. and Maity, M. and Majumder, G. and Mazumdar, K. and Sarkar, T. and Wickramage, N. and Chauhan, S. and Dube, S. and Hegde, V. and Kapoor, A. and Kothekar, K. and Pandey, S. and Rane, A. and Sharma, S. and Chenarani, S. and Tadavani, E. Eskandari and Etesami, S.M. and Khakzad, M. and Najafabadi, M. Mohammadi and Naseri, M. and Mehdiabadi, S. Paktinat and Hosseinabadi, F. Rezaei and Safarzadeh, B. and Zeinali, M. and Felcini, M. and Grunewald, M. and Abbrescia, M. and Calabria, C. and Caputo, C. and Colaleo, A. and Creanza, D. and Cristella, L. and Filippis, N. De and Palma, M. De and Fiore, L. and Iaselli, G. and Maggi, G. and Maggi, M. and Miniello, G. and My, S. and Nuzzo, S. and Pompili, A. and Pugliese, G. and Radogna, R. and Ranieri, A. and Selvaggi, G. and Sharma, A. and Silvestris, L. and Venditti, R. and Verwilligen, P. and Abbiendi, G. and Battilana, C. and Bonacorsi, D. and Braibant-Giacomelli, S. and Brigliadori, L. and Campanini, R. and Capiluppi, P. and Castro, A. and Cavallo, F.R. and Chhibra, S.S. and Codispoti, G. and Cuffiani, M. and Dallavalle, G.M. and Fabbri, F. and Fanfani, A. and Fasanella, D. and Giacomelli, P. and Grandi, C. and Guiducci, L. and Marcellini, S. and Masetti, G. and Montanari, A. and Navarria, F.L. and Perrotta, A. and Rossi, A.M. and Rovelli, T. and Siroli, G.P. and Tosi, N. and Albergo, S. and Costa, S. and Mattia, A. Di and Giordano, F. and Potenza, R. and Tricomi, A. and Tuve, C. and Barbagli, G. and Ciulli, V. and Civinini, C. and D’Alessandro, R. and Focardi, E. and Lenzi, P. and Meschini, M. and Paoletti, S. and Russo, L. and Sguazzoni, G. and Strom, D. and Viliani, L. and Benussi, L. and Bianco, S. and Fabbri, F. and Piccolo, D. and Primavera, F. and Calvelli, V. and Ferro, F. and Monge, M.R. and Robutti, E. and Tosi, S. and Brianza, L. and Brivio, F. and Ciriolo, V. and Dinardo, M.E. and Fiorendi, S. and Gennai, S. and Ghezzi, A. and Govoni, P. and Malberti, M. and Malvezzi, S. and Manzoni, R.A. and Menasce, D. and Moroni, L. and Paganoni, M. and Pedrini, D. and Pigazzini, S. and Ragazzi, S. and de Fatis, T. Tabarelli and Buontempo, S. and Cavallo, N. and Nardo, G. De and Guida, S. Di and Esposito, M. and Fabozzi, F. and Fienga, F. and Iorio, A.O.M. and Lanza, G. and Lista, L. and Meola, S. and Paolucci, P. and Sciacca, C. and Thyssen, F. and Azzi, P. and Bacchetta, N. and Benato, L. and Bisello, D. and Boletti, A. and Carlin, R. and Oliveira, A. Carvalho Antunes De and Checchia, P. and Dall’Osso, M. and Manzano, P. De Castro and Dorigo, T. and Gozzelino, A. and Lacaprara, S. and Margoni, M. and Meneguzzo, A.T. and Passaseo, M. and Pazzini, J. and Pozzobon, N. and Ronchese, P. and Rossin, R. and Simonetto, F. and Torassa, E. and Ventura, S. and Zanetti, M. and Zotto, P. and Zumerle, G. and Braghieri, A. and Fallavollita, F. and Magnani, A. and Montagna, P. and Ratti, S.P. and Re, V. and Ressegotti, M. and Riccardi, C. and Salvini, P. and Vai, I. and Vitulo, P. and Solestizi, L. Alunni and Bilei, G.M. and Ciangottini, D. and Fanò, L. and Lariccia, P. and Leonardi, R. and Mantovani, G. and Mariani, V. and Menichelli, M. and Saha, A. and Santocchia, A. and Androsov, K. and Azzurri, P. and Bagliesi, G. and Bernardini, J. and Boccali, T. and Castaldi, R. and Ciocci, M.A. and Dell’Orso, R. and Fedi, G. and Giassi, A. and Grippo, M.T. and Ligabue, F. and Lomtadze, T. and Martini, L. and Messineo, A. and Palla, F. and Rizzi, A. and Savoy-Navarro, A. and Spagnolo, P. and Tenchini, R. and Tonelli, G. and Venturi, A. and Verdini, P.G. and Barone, L. and Cavallari, F. and Cipriani, M. and Re, D. Del and Diemoz, M. and Gelli, S. and Longo, E. and Margaroli, F. and Marzocchi, B. and Meridiani, P. and Organtini, G. and Paramatti, R. and Preiato, F. and Rahatlou, S. and Rovelli, C. and Santanastasio, F. and Amapane, N. and Arcidiacono, R. and Argiro, S. and Arneodo, M. and Bartosik, N. and Bellan, R. and Biino, C. and Cartiglia, N. and Cenna, F. and Costa, M. and Covarelli, R. and Degano, A. and Demaria, N. and Finco, L. and Kiani, B. and Mariotti, C. and Maselli, S. and Migliore, E. and Monaco, V. and Monteil, E. and Monteno, M. and Obertino, M.M. and Pacher, L. and Pastrone, N. and Pelliccioni, M. and Angioni, G.L. Pinna and Ravera, F. and Romero, A. and Ruspa, M. and Sacchi, R. and Shchelina, K. and Sola, V. and Solano, A. and Staiano, A. and Traczyk, P. and Belforte, S. and Casarsa, M. and Cossutti, F. and Ricca, G. Della and Zanetti, A. and Kim, D.H. and Kim, G.N. and Kim, M.S. and Lee, S. and Lee, S.W. and Oh, Y.D. and Sekmen, S. and Son, D.C. and Yang, Y.C. and Lee, A. and Kim, H. and Cifuentes, J.A. Brochero and Kim, T.J. and Cho, S. and Choi, S. and Go, Y. and Gyun, D. and Ha, S. and Hong, B. and Jo, Y. and Kim, Y. and Lee, K. and Lee, K.S. and Lee, S. and Lim, J. and Park, S.K. and Roh, Y. and Almond, J. and Kim, J. and Lee, H. and Oh, S.B. and Radburn-Smith, B.C. and Seo, S.h. and Yang, U.K. and Yoo, H.D. and Yu, G.B. and Choi, M. and Kim, H. and Kim, J.H. and Lee, J.S.H. and Park, I.C. and Ryu, G. and Ryu, M.S. and Choi, Y. and Goh, J. and Hwang, C. and Lee, J. and Yu, I. and Dudenas, V. and Juodagalvis, A. and Vaitkus, J. and Ahmed, I. and Ibrahim, Z.A. and Ali, M.A.B. Md and Idris, F. Mohamad and Abdullah, W.A.T. Wan and Yusli, M.N. and Zolkapli, Z. and Castilla-Valdez, H. and Cruz-Burelo, E. De La and Cruz, I. Heredia-De La and Hernandez-Almada, A. and Lopez-Fernandez, R. and Villalba, R. Magaña and Guisao, J. Mejia and Sanchez-Hernandez, A. and Moreno, S. Carrillo and Barrera, C. Oropeza and Valencia, F. Vazquez and Carpinteyro, S. and Pedraza, I. and Ibarguen, H.A. Salazar and Estrada, C. Uribe and Pineda, A. Morelos and Krofcheck, D. and Butler, P.H. and Ahmad, A. and Ahmad, M. and Hassan, Q. and Hoorani, H.R. and Khan, W.A. and Saddique, A. and Shah, M.A. and Shoaib, M. and Waqas, M. and Bialkowska, H. and Bluj, M. and Boimska, B. and Frueboes, T. and Górski, M. and Kazana, M. and Nawrocki, K. and Romanowska-Rybinska, K. and Szleper, M. and Zalewski, P. and Bunkowski, K. and Byszuk, A. and Doroba, K. and Kalinowski, A. and Konecki, M. and Krolikowski, J. and Misiura, M. and Olszewski, M. and Walczak, M. and Bargassa, P. and Silva, C. Beirão Da Cruz E and Calpas, B. and Francesco, A. Di and Faccioli, P. and Gallinaro, M. and Hollar, J. and Leonardo, N. and Iglesias, L. Lloret and Nemallapudi, M.V. and Seixas, J. and Toldaiev, O. and Vadruccio, D. and Varela, J. and Afanasiev, S. and Bunin, P. and Gavrilenko, M. and Golutvin, I. and Gorbunov, I. and Kamenev, A. and Karjavin, V. and Lanev, A. and Malakhov, A. and Matveev, V. and Palichik, V. and Perelygin, V. and Shmatov, S. and Shulha, S. and Skatchkov, N. and Smirnov, V. and Voytishin, N. and Zarubin, A. and Chtchipounov, L. and Golovtsov, V. and Ivanov, Y. and Kim, V. and Kuznetsova, E. and Murzin, V. and Oreshkin, V. and Sulimov, V. and Vorobyev, A. and Andreev, Yu. and Dermenev, A. and Gninenko, S. and Golubev, N. and Karneyeu, A. and Kirsanov, M. and Krasnikov, N. and Pashenkov, A. and Tlisov, D. and Toropin, A. and Epshteyn, V. and Gavrilov, V. and Lychkovskaya, N. and Popov, V. and Pozdnyakov, I. and Safronov, G. and Spiridonov, A. and Toms, M. and Vlasov, E. and Zhokin, A. and Aushev, T. and Bylinkin, A. and Chadeeva, M. and Markin, O. and Tarkovskii, E. and Andreev, V. and Azarkin, M. and Dremin, I. and Kirakosyan, M. and Leonidov, A. and Terkulov, A. and Baskakov, A. and Belyaev, A. and Boos, E. and Dubinin, M. and Dudko, L. and Ershov, A. and Gribushin, A. and Kaminskiy, A. and Klyukhin, V. and Kodolova, O. and Lokhtin, I. and Miagkov, I. and Obraztsov, S. and Petrushanko, S. and Savrin, V. and Blinov, V. and Skovpen, Y. and Shtol, D. and Azhgirey, I. and Bayshev, I. and Bitioukov, S. and Elumakhov, D. and Kachanov, V. and Kalinin, A. and Konstantinov, D. and Krychkine, V. and Petrov, V. and Ryutin, R. and Sobol, A. and Troshin, S. and Tyurin, N. and Uzunian, A. and Volkov, A. and Adzic, P. and Cirkovic, P. and Devetak, D. and Dordevic, M. and Milosevic, J. and Rekovic, V. and Maestre, J. Alcaraz and Luna, M. Barrio and Calvo, E. and Cerrada, M. and Llatas, M. Chamizo and Colino, N. and Cruz, B. De La and Peris, A. Delgado and Valle, A. Escalante Del and Bedoya, C. Fernandez and Ramos, J.P. Fernández and Flix, J. and Fouz, M.C. and Garcia-Abia, P. and Lopez, O. Gonzalez and Lopez, S. Goy and Hernandez, J.M. and Josa, M.I. and Martino, E. Navarro De and Yzquierdo, A. Pérez-Calero and Pelayo, J. Puerta and Olmeda, A. Quintario and Redondo, I. and Romero, L. and Soares, M.S. and de Trocóniz, J.F. and Missiroli, M. and Moran, D. and Cuevas, J. and Erice, C. and Menendez, J. Fernandez and Caballero, I. Gonzalez and Fernández, J.R. González and Cortezon, E. Palencia and Cruz, S. Sanchez and Andrés, I. Suárez and Vischia, P. and Garcia, J.M. Vizan and Cabrillo, I.J. and Calderon, A. and Curras, E. and Fernandez, M. and Garcia-Ferrero, J. and Gomez, G. and Virto, A. Lopez and Marco, J. and Rivero, C. Martinez and Matorras, F. and Gomez, J. Piedra and Rodrigo, T. and Ruiz-Jimeno, A. and Scodellaro, L. and Trevisani, N. and Vila, I. and Cortabitarte, R. Vilar and Abbaneo, D. and Auffray, E. and Auzinger, G. and Baillon, P. and Ball, A.H. and Barney, D. and Bloch, P. and Bocci, A. and Botta, C. and Camporesi, T. and Castello, R. and Cepeda, M. and Cerminara, G. and Chen, Y. and Cimmino, A. and d’Enterria, D. and Dabrowski, A. and Daponte, V. and David, A. and Gruttola, M. De and Roeck, A. De and Marco, E. Di and Dobson, M. and Dorney, B. and Pree, T. du and Duggan, D. and Dünser, M. and Dupont, N. and Elliott-Peisert, A. and Everaerts, P. and Fartoukh, S. and Franzoni, G. and Fulcher, J. and Funk, W. and Gigi, D. and Gill, K. and Girone, M. and Glege, F. and Gulhan, D. and Gundacker, S. and Guthoff, M. and Harris, P. and Hegeman, J. and Innocente, V. and Janot, P. and Kieseler, J. and Kirschenmann, H. and Knünz, V. and Kornmayer, A. and Kortelainen, M.J. and Kousouris, K. and Krammer, M. and Lange, C. and Lecoq, P. and Lourenço, C. and Lucchini, M.T. and Malgeri, L. and Mannelli, M. and Martelli, A. and Meijers, F. and Merlin, J.A. and Mersi, S. and Meschi, E. and Milenovic, P. and Moortgat, F. and Morovic, S. and Mulders, M. and Neugebauer, H. and Orfanelli, S. and Orsini, L. and Pape, L. and Perez, E. and Peruzzi, M. and Petrilli, A. and Petrucciani, G. and Pfeiffer, A. and Pierini, M. and Racz, A. and Reis, T. and Rolandi, G. and Rovere, M. and Sakulin, H. and Sauvan, J.B. and Schäfer, C. and Schwick, C. and Seidel, M. and Sharma, A. and Silva, P. and Sphicas, P. and Steggemann, J. and Stoye, M. and Takahashi, Y. and Tosi, M. and Treille, D. and Triossi, A. and Tsirou, A. and Veckalns, V. and Veres, G.I. and Verweij, M. and Wardle, N. and Wöhri, H.K. and Zagozdzinska, A. and Zeuner, W.D. and Bertl, W. and Deiters, K. and Erdmann, W. and Horisberger, R. and Ingram, Q. and Kaestli, H.C. and Kotlinski, D. and Langenegger, U. and Rohe, T. and Wiederkehr, S.A. and Bachmair, F. and Bäni, L. and Bianchini, L. and Casal, B. and Dissertori, G. and Dittmar, M. and Donegà, M. and Grab, C. and Heidegger, C. and Hits, D. and Hoss, J. and Kasieczka, G. and Lustermann, W. and Mangano, B. and Marionneau, M. and Arbol, P. Martinez Ruiz del and Masciovecchio, M. and Meinhard, M.T. and Meister, D. and Micheli, F. and Musella, P. and Nessi-Tedaldi, F. and Pandolfi, F. and Pata, J. and Pauss, F. and Perrin, G. and Perrozzi, L. and Quittnat, M. and Rossini, M. and Schönenberger, M. and Starodumov, A. and Tavolaro, V.R. and Theofilatos, K. and Wallny, R. and Aarrestad, T.K. and Amsler, C. and Caminada, L. and Canelli, M.F. and Cosa, A. De and Donato, S. and Galloni, C. and Hinzmann, A. and Hreus, T. and Kilminster, B. and Ngadiuba, J. and Pinna, D. and Rauco, G. and Robmann, P. and Salerno, D. and Seitz, C. and Yang, Y. and Zucchetta, A. and Candelise, V. and Doan, T.H. and Jain, Sh. and Khurana, R. and Konyushikhin, M. and Kuo, C.M. and Lin, W. and Pozdnyakov, A. and Yu, S.S. and Kumar, Arun and Chang, P. and Chang, Y.H. and Chao, Y. and Chen, K.F. and Chen, P.H. and Fiori, F. and Hou, W.-S. and Hsiung, Y. and Liu, Y.F. and Lu, R.-S. and Moya, M. Miñano and Paganis, E. and Psallidas, A. and Tsai, J.f. and Asavapibhop, B. and Singh, G. and Srimanobhas, N. and Suwonjandee, N. and Adiguzel, A. and Damarseckin, S. and Demiroglu, Z.S. and Dozen, C. and Eskut, E. and Girgis, S. and Gokbulut, G. and Guler, Y. and Hos, I. and Kangal, E.E. and Kara, O. and Topaksu, A. Kayis and Kiminsu, U. and Oglakci, M. and Onengut, G. and Ozdemir, K. and Ozturk, S. and Polatoz, A. and Tali, B. and Turkcapar, S. and Zorbakir, I.S. and Zorbilmez, C. and Bilin, B. and Bilmis, S. and Isildak, B. and Karapinar, G. and Yalvac, M. and Zeyrek, M. and Gülmez, E. and Kaya, M. and Kaya, O. and Yetkin, E.A. and Yetkin, T. and Cakir, A. and Cankocak, K. and Sen, S. and Grynyov, B. and Levchuk, L. and Sorokin, P. and Aggleton, R. and Ball, F. and Beck, L. and Brooke, J.J. and Burns, D. and Clement, E. and Cussans, D. and Flacher, H. and Goldstein, J. and Grimes, M. and Heath, G.P. and Heath, H.F. and Jacob, J. and Kreczko, L. and Lucas, C. and Newbold, D.M. and Paramesvaran, S. and Poll, A. and Sakuma, T. and Nasr-storey, S. Seif El and Smith, D. and Smith, V.J. and Bell, K.W. and Belyaev, A. and Brew, C. and Brown, R.M. and Calligaris, L. and Cieri, D. and Cockerill, D.J.A. and Coughlan, J.A. and Harder, K. and Harper, S. and Olaiya, E. and Petyt, D. and Shepherd-Themistocleous, C.H. and Thea, A. and Tomalin, I.R. and Williams, T. and Baber, M. and Bainbridge, R. and Buchmuller, O. and Bundock, A. and Casasso, S. and Citron, M. and Colling, D. and Corpe, L. and Dauncey, P. and Davies, G. and Wit, A. De and Negra, M. Della and Maria, R. Di and Dunne, P. and Elwood, A. and Futyan, D. and Haddad, Y. and Hall, G. and Iles, G. and James, T. and Lane, R. and Laner, C. and Lyons, L. and Magnan, A.-M. and Malik, S. and Mastrolorenzo, L. and Nash, J. and Nikitenko, A. and Pela, J. and Penning, B. and Pesaresi, M. and Raymond, D.M. and Richards, A. and Rose, A. and Scott, E. and Seez, C. and Summers, S. and Tapper, A. and Uchida, K. and Acosta, M. Vazquez and Virdee, T. and Wright, J. and Zenz, S.C. and Cole, J.E. and Hobson, P.R. and Khan, A. and Kyberd, P. and Reid, I.D. and Symonds, P. and Teodorescu, L. and Turner, M. and Borzou, A. and Call, K. and Dittmann, J. and Hatakeyama, K. and Liu, H. and Pastika, N. and Bartek, R. and Dominguez, A. and Buccilli, A. and Cooper, S.I. and Henderson, C. and Rumerio, P. and West, C. and Arcaro, D. and Avetisyan, A. and Bose, T. and Gastler, D. and Rankin, D. and Richardson, C. and Rohlf, J. and Sulak, L. and Zou, D. and Benelli, G. and Cutts, D. and Garabedian, A. and Hakala, J. and Heintz, U. and Hogan, J.M. and Jesus, O. and Kwok, K.H.M. and Laird, E. and Landsberg, G. and Mao, Z. and Narain, M. and Piperov, S. and Sagir, S. and Spencer, E. and Syarif, R. and Breedon, R. and Burns, D. and Sanchez, M. Calderon De La Barca and Chauhan, S. and Chertok, M. and Conway, J. and Conway, R. and Cox, P.T. and Erbacher, R. and Flores, C. and Funk, G. and Gardner, M. and Ko, W. and Lander, R. and Mclean, C. and Mulhearn, M. and Pellett, D. and Pilot, J. and Shalhout, S. and Shi, M. and Smith, J. and Squires, M. and Stolp, D. and Tos, K. and Tripathi, M. and Bachtis, M. and Bravo, C. and Cousins, R. and Dasgupta, A. and Florent, A. and Hauser, J. and Ignatenko, M. and Mccoll, N. and Saltzberg, D. and Schnaible, C. and Valuev, V. and Weber, M. and Bouvier, E. and Burt, K. and Clare, R. and Ellison, J. and Gary, J.W. and Shirazi, S.M.A. Ghiasi and Hanson, G. and Heilman, J. and Jandir, P. and Kennedy, E. and Lacroix, F. and Long, O.R. and Negrete, M. Olmedo and Paneva, M.I. and Shrinivas, A. and Si, W. and Wei, H. and Wimpenny, S. and Yates, B. R. and Branson, J.G. and Cerati, G.B. and Cittolin, S. and Derdzinski, M. and Gerosa, R. and Holzner, A. and Klein, D. and Krutelyov, V. and Letts, J. and Macneill, I. and Olivito, D. and Padhi, S. and Pieri, M. and Sani, M. and Sharma, V. and Simon, S. and Tadel, M. and Vartak, A. and Wasserbaech, S. and Welke, C. and Wood, J. and Würthwein, F. and Yagil, A. and Porta, G. Zevi Della and Amin, N. and Bhandari, R. and Bradmiller-Feld, J. and Campagnari, C. and Dishaw, A. and Dutta, V. and Sevilla, M. Franco and George, C. and Golf, F. and Gouskos, L. and Gran, J. and Heller, R. and Incandela, J. and Mullin, S.D. and Ovcharova, A. and Qu, H. and Richman, J. and Stuart, D. and Suarez, I. and Yoo, J. and Anderson, D. and Bendavid, J. and Bornheim, A. and Bunn, J. and Duarte, J. and Lawhorn, J.M. and Mott, A. and Newman, H.B. and Pena, C. and Spiropulu, M. and Vlimant, J.R. and Xie, S. and Zhu, R.Y. and Andrews, M.B. and Ferguson, T. and Paulini, M. and Russ, J. and Sun, M. and Vogel, H. and Vorobiev, I. and Weinberg, M. and Cumalat, J.P. and Ford, W.T. and Jensen, F. and Johnson, A. and Krohn, M. and Leontsinis, S. and Mulholland, T. and Stenson, K. and Wagner, S.R. and Alexander, J. and Chaves, J. and Chu, J. and Dittmer, S. and Mcdermott, K. and Mirman, N. and Patterson, J.R. and Rinkevicius, A. and Ryd, A. and Skinnari, L. and Soffi, L. and Tan, S.M. and Tao, Z. and Thom, J. and Tucker, J. and Wittich, P. and Zientek, M. and Winn, D. and Abdullin, S. and Albrow, M. and Apollinari, G. and Apresyan, A. and Banerjee, S. and Bauerdick, L.A.T. and Beretvas, A. and Berryhill, J. and Bhat, P.C. and Bolla, G. and Burkett, K. and Butler, J.N. and Cheung, H.W.K. and Chlebana, F. and Cihangir, S. and Cremonesi, M. and Elvira, V.D. and Fisk, I. and Freeman, J. and Gottschalk, E. and Gray, L. and Green, D. and Grünendahl, S. and Gutsche, O. and Hare, D. and Harris, R.M. and Hasegawa, S. and Hirschauer, J. and Hu, Z. and Jayatilaka, B. and Jindariani, S. and Johnson, M. and Joshi, U. and Klima, B. and Kreis, B. and Lammel, S. and Linacre, J. and Lincoln, D. and Lipton, R. and Liu, M. and Liu, T. and Sá, R. Lopes De and Lykken, J. and Maeshima, K. and Magini, N. and Marraffino, J.M. and Maruyama, S. and Mason, D. and McBride, P. and Merkel, P. and Mrenna, S. and Nahn, S. and O’Dell, V. and Pedro, K. and Prokofyev, O. and Rakness, G. and Ristori, L. and Sexton-Kennedy, E. and Soha, A. and Spalding, W.J. and Spiegel, L. and Stoynev, S. and Strait, J. and Strobbe, N. and Taylor, L. and Tkaczyk, S. and Tran, N.V. and Uplegger, L. and Vaandering, E.W. and Vernieri, C. and Verzocchi, M. and Vidal, R. and Wang, M. and Weber, H.A. and Whitbeck, A. and Wu, Y. and Acosta, D. and Avery, P. and Bortignon, P. and Bourilkov, D. and Brinkerhoff, A. and Carnes, A. and Carver, M. and Curry, D. and Das, S. and Field, R.D. and Furic, I.K. and Konigsberg, J. and Korytov, A. and Low, J.F. and Ma, P. and Matchev, K. and Mei, H. and Mitselmakher, G. and Rank, D. and Shchutska, L. and Sperka, D. and Thomas, L. and Wang, J. and Wang, S. and Yelton, J. and Linn, S. and Markowitz, P. and Martinez, G. and Rodriguez, J.L. and Ackert, A. and Adams, T. and Askew, A. and Bein, S. and Hagopian, S. and Hagopian, V. and Johnson, K.F. and Kolberg, T. and Perry, T. and Prosper, H. and Santra, A. and Yohay, R. and Baarmand, M.M. and Bhopatkar, V. and Colafranceschi, S. and Hohlmann, M. and Noonan, D. and Roy, T. and Yumiceva, F. and Adams, M.R. and Apanasevich, L. and Berry, D. and Betts, R.R. and Cavanaugh, R. and Chen, X. and Evdokimov, O. and Gerber, C.E. and Hangal, D.A. and Hofman, D.J. and Jung, K. and Kamin, J. and Gonzalez, I.D. Sandoval and Trauger, H. and Varelas, N. and Wang, H. and Wu, Z. and Zakaria, M. and Zhang, J. and Bilki, B. and Clarida, W. and Dilsiz, K. and Durgut, S. and Gandrajula, R.P. and Haytmyradov, M. and Khristenko, V. and Merlo, J.-P. and Mermerkaya, H. and Mestvirishvili, A. and Moeller, A. and Nachtman, J. and Ogul, H. and Onel, Y. and Ozok, F. and Penzo, A. and Snyder, C. and Tiras, E. and Wetzel, J. and Yi, K. and Blumenfeld, B. and Cocoros, A. and Eminizer, N. and Fehling, D. and Feng, L. and Gritsan, A.V. and Maksimovic, P. and Roskes, J. and Sarica, U. and Swartz, M. and Xiao, M. and You, C. and Al-bataineh, A. and Baringer, P. and Bean, A. and Boren, S. and Bowen, J. and Castle, J. and Forthomme, L. and Khalil, S. and Kropivnitskaya, A. and Majumder, D. and Mcbrayer, W. and Murray, M. and Sanders, S. and Stringer, R. and Takaki, J.D. Tapia and Wang, Q. and Ivanov, A. and Kaadze, K. and Maravin, Y. and Mohammadi, A. and Saini, L.K. and Skhirtladze, N. and Toda, S. and Rebassoo, F. and Wright, D. and Anelli, C. and Baden, A. and Baron, O. and Belloni, A. and Calvert, B. and Eno, S.C. and Ferraioli, C. and Gomez, J.A. and Hadley, N.J. and Jabeen, S. and Jeng, G.Y. and Kellogg, R.G. and Kunkle, J. and Mignerey, A.C. and Ricci-Tam, F. and Shin, Y.H. and Skuja, A. and Tonjes, M.B. and Tonwar, S.C. and Abercrombie, D. and Allen, B. and Apyan, A. and Azzolini, V. and Barbieri, R. and Baty, A. and Bi, R. and Bierwagen, K. and Brandt, S. and Busza, W. and Cali, I.A. and D’Alfonso, M. and Demiragli, Z. and Ceballos, G. Gomez and Goncharov, M. and Hsu, D. and Iiyama, Y. and Innocenti, G.M. and Klute, M. and Kovalskyi, D. and Krajczar, K. and Lai, Y.S. and Lee, Y.-J. and Levin, A. and Luckey, P.D. and Maier, B. and Marini, A.C. and Mcginn, C. and Mironov, C. and Narayanan, S. and Niu, X. and Paus, C. and Roland, C. and Roland, G. and Salfeld-Nebgen, J. and Stephans, G.S.F. and Tatar, K. and Velicanu, D. and Wang, J. and Wang, T.W. and Wyslouch, B. and Benvenuti, A.C. and Chatterjee, R.M. and Evans, A. and Hansen, P. and Kalafut, S. and Kao, S.C. and Kubota, Y. and Lesko, Z. and Mans, J. and Nourbakhsh, S. and Ruckstuhl, N. and Rusack, R. and Tambe, N. and Turkewitz, J. and Acosta, J.G. and Oliveros, S. and Avdeeva, E. and Bloom, K. and Claes, D.R. and Fangmeier, C. and Suarez, R. Gonzalez and Kamalieddin, R. and Kravchenko, I. and Rodrigues, A. Malta and Monroy, J. and Siado, J.E. and Snow, G.R. and Stieger, B. and Alyari, M. and Dolen, J. and Godshalk, A. and Harrington, C. and Iashvili, I. and Kaisen, J. and Nguyen, D. and Parker, A. and Rappoccio, S. and Roozbahani, B. and Alverson, G. and Barberis, E. and Hortiangtham, A. and Massironi, A. and Morse, D.M. and Nash, D. and Orimoto, T. and Lima, R. Teixeira De and Trocino, D. and Wang, R.-J. and Wood, D. and Bhattacharya, S. and Charaf, O. and Hahn, K.A. and Mucia, N. and Odell, N. and Pollack, B. and Schmitt, M.H. and Sung, K. and Trovato, M. and Velasco, M. and Dev, N. and Hildreth, M. and Anampa, K. Hurtado and Jessop, C. and Karmgard, D.J. and Kellams, N. and Lannon, K. and Marinelli, N. and Meng, F. and Mueller, C. and Musienko, Y. and Planer, M. and Reinsvold, A. and Ruchti, R. and Rupprecht, N. and Smith, G. and Taroni, S. and Wayne, M. and Wolf, M. and Woodard, A. and Alimena, J. and Antonelli, L. and Bylsma, B. and Durkin, L.S. and Flowers, S. and Francis, B. and Hart, A. and Hill, C. and Ji, W. and Liu, B. and Luo, W. and Puigh, D. and Winer, B.L.},
   year={2017},
   month=oct, pages={P10003–P10003} }